@misc{apostilaStemmer,
   author = "Marcelo Ricardo Stemmer",
   month = "July",
   title = "DAS5302, Inform\'atica Ind\'ustrial I",
   year = "2002",
   note = "Apostila utilizada pelo prof. Marcelo na disciplina Info I",
}

@misc{website:hsl-and-hsv,
      author = "Fermentas Inc.",
      title = "{HSL} aaaaand {HSV}",
      month = "November",
      year = "2008",
      url = "http://www.fermentas.com/techinfo/nucleicacids/maplambda.htm"
}

@Book{serafim,
  author =       {Oswald de Andrade},
  title =        {Serafim Ponte Grande},
  publisher =    {Editora Globo},
  year =         {1933},
}
